<record><leader>00000cas a2200000 a 4500</leader><controlfield tag="001">12199155</controlfield><controlfield tag="008">850625c19859999caudr ne      0   a0eng d</controlfield><datafield ind1=" " ind2=" " tag="010"><subfield code="a">sn 85004712 </subfield></datafield><datafield ind1=" " ind2=" " tag="040"><subfield code="a">CPP</subfield><subfield code="b">eng</subfield><subfield code="c">CPP</subfield><subfield code="d">NSD</subfield><subfield code="d">OCL</subfield><subfield code="d">DLC</subfield><subfield code="d">CNK</subfield><subfield code="d">DLC</subfield><subfield code="d">CNK</subfield><subfield code="d">OCL</subfield><subfield code="d">OCLCS</subfield><subfield code="d">NSD</subfield><subfield code="d">CUI</subfield><subfield code="d">DLC</subfield><subfield code="d">OCLCQ</subfield><subfield code="d">OCLCF</subfield></datafield><datafield ind1="1" ind2=" " tag="022"><subfield code="a">0886-4934</subfield><subfield code="l">0886-4934</subfield><subfield code="2">1</subfield></datafield><datafield ind1="1" ind2=" " tag="029"><subfield code="a">AU@</subfield><subfield code="b">000004529061</subfield></datafield><datafield ind1="1" ind2=" " tag="029"><subfield code="a">NZ1</subfield><subfield code="b">16075947</subfield></datafield><datafield ind1=" " ind2=" " tag="032"><subfield code="a">606260</subfield><subfield code="b">USPS</subfield></datafield><datafield ind1=" " ind2=" " tag="037"><subfield code="a">The Orange County Register, P.O. Drawer 11626, Santa Ana, CA, 92711</subfield></datafield><datafield ind1=" " ind2=" " tag="042"><subfield code="a">nsdp</subfield></datafield><datafield ind1="0" ind2="0" tag="050"><subfield code="a">Newspaper</subfield></datafield><datafield ind1="1" ind2="4" tag="050"><subfield code="a">AN</subfield></datafield><datafield ind1=" " ind2="4" tag="222"><subfield code="a">The Orange County register</subfield></datafield><datafield ind1="0" ind2="4" tag="245"><subfield code="a">The Orange County register.</subfield></datafield><datafield ind1=" " ind2=" " tag="260"><subfield code="a">Santa Ana, Calif :</subfield><subfield code="b">Orange County Register,</subfield><subfield code="c">1985-</subfield></datafield><datafield ind1=" " ind2=" " tag="300"><subfield code="a">v.</subfield></datafield><datafield ind1=" " ind2=" " tag="310"><subfield code="a">Daily</subfield></datafield><datafield ind1="0" ind2=" " tag="362"><subfield code="a">Vol. 80, no. 215 (May 19, 1985)-</subfield></datafield><datafield ind1=" " ind2=" " tag="530"><subfield code="a">Also available on the internet.</subfield></datafield><datafield ind1=" " ind2=" " tag="580"><subfield code="a">Also available on CD-ROM from NewsBank, Inc.</subfield></datafield><datafield ind1=" " ind2="0" tag="651"><subfield code="a">Orange County (Calif.)</subfield><subfield code="v">Newspapers.</subfield></datafield><datafield ind1=" " ind2="7" tag="655"><subfield code="a">Newspapers.</subfield><subfield code="2">fast</subfield><subfield code="0">(OCoLC)fst01423814</subfield></datafield><datafield ind1=" " ind2="7" tag="651"><subfield code="a">California</subfield><subfield code="z">Orange County.</subfield><subfield code="2">fast</subfield><subfield code="0">(OCoLC)fst01206289</subfield></datafield><datafield ind1=" " ind2=" " tag="752"><subfield code="a">United States</subfield><subfield code="b">California</subfield><subfield code="c">Orange</subfield><subfield code="d">Santa Ana.</subfield></datafield><datafield ind1="0" ind2=" " tag="775"><subfield code="t">Excelsior del Condado de Orange</subfield><subfield code="w">(DLC)sn 94003749</subfield></datafield><datafield ind1="1" ind2=" " tag="776"><subfield code="t">Orange County register</subfield><subfield code="x">1068-0489</subfield><subfield code="w">(DLC)   93644251</subfield><subfield code="w">(OCoLC)27407877</subfield></datafield><datafield ind1="0" ind2="0" tag="780"><subfield code="t">Register (Santa Ana, Calif.)</subfield><subfield code="x">0746-8628</subfield><subfield code="w">(OCoLC)10351786</subfield><subfield code="w">(DLC)sn 84008030</subfield></datafield><datafield ind1="7" ind2=" " tag="856"><subfield code="z">Online version:</subfield><subfield code="u">http://www.ocregister.com/</subfield><subfield code="2">http</subfield></datafield><datafield ind1=" " ind2=" " tag="936"><subfield code="a">Jan. 31, 2000 LIC</subfield></datafield></record>